@article{mapnet,
  author     = {Samarth Brahmbhatt and
                Jinwei Gu and
                Kihwan Kim and
                James Hays and
                Jan Kautz},
  title      = {MapNet: Geometry-Aware Learning of Maps for Camera Localization},
  journal    = {CoRR},
  volume     = {abs/1712.03342},
  year       = {2017},
  url        = {http://arxiv.org/abs/1712.03342},
  eprinttype = {arXiv},
  eprint     = {1712.03342},
  timestamp  = {Mon, 13 Aug 2018 16:47:34 +0200},
  biburl     = {https://dblp.org/rec/journals/corr/abs-1712-03342.bib},
  bibsource  = {dblp computer science bibliography, https://dblp.org}
}

@article{resnet,
  author     = {Kaiming He and
                Xiangyu Zhang and
                Shaoqing Ren and
                Jian Sun},
  title      = {Deep Residual Learning for Image Recognition},
  journal    = {CoRR},
  volume     = {abs/1512.03385},
  year       = {2015},
  url        = {http://arxiv.org/abs/1512.03385},
  eprinttype = {arXiv},
  eprint     = {1512.03385},
  timestamp  = {Wed, 17 Apr 2019 17:23:45 +0200},
  biburl     = {https://dblp.org/rec/journals/corr/HeZRS15.bib},
  bibsource  = {dblp computer science bibliography, https://dblp.org}
}

@inproceedings{9348762,
  author    = {Elmoogy, Ahmed and Dong, Xiaodai and Lu, Tao and Westendorp, Robert and Reddy, Kishore},
  booktitle = {2020 IEEE 92nd Vehicular Technology Conference (VTC2020-Fall)},
  title     = {Linear-PoseNet: A Real-Time Camera Pose Estimation System Using Linear Regression and Principal Component Analysis},
  year      = {2020},
  volume    = {},
  number    = {},
  pages     = {1-6},
  doi       = {10.1109/VTC2020-Fall49728.2020.9348762}
}

@inproceedings{imagenet,
  author    = {Deng, Jia and Dong, Wei and Socher, Richard and Li, Li-Jia and Kai Li and Li Fei-Fei},
  booktitle = {2009 IEEE Conference on Computer Vision and Pattern Recognition},
  title     = {ImageNet: A large-scale hierarchical image database},
  year      = {2009},
  volume    = {},
  number    = {},
  pages     = {248-255},
  doi       = {10.1109/CVPR.2009.5206848}
}

@article{efficientnet,
  author     = {Mingxing Tan and
                Quoc V. Le},
  title      = {EfficientNet: Rethinking Model Scaling for Convolutional Neural Networks},
  journal    = {CoRR},
  volume     = {abs/1905.11946},
  year       = {2019},
  url        = {http://arxiv.org/abs/1905.11946},
  eprinttype = {arXiv},
  eprint     = {1905.11946},
  timestamp  = {Mon, 03 Jun 2019 13:42:33 +0200},
  biburl     = {https://dblp.org/rec/journals/corr/abs-1905-11946.bib},
  bibsource  = {dblp computer science bibliography, https://dblp.org}
}

@article{googlenet,
  author     = {Christian Szegedy and
                Wei Liu and
                Yangqing Jia and
                Pierre Sermanet and
                Scott E. Reed and
                Dragomir Anguelov and
                Dumitru Erhan and
                Vincent Vanhoucke and
                Andrew Rabinovich},
  title      = {Going Deeper with Convolutions},
  journal    = {CoRR},
  volume     = {abs/1409.4842},
  year       = {2014},
  url        = {http://arxiv.org/abs/1409.4842},
  eprinttype = {arXiv},
  eprint     = {1409.4842},
  timestamp  = {Mon, 13 Aug 2018 16:48:52 +0200},
  biburl     = {https://dblp.org/rec/journals/corr/SzegedyLJSRAEVR14.bib},
  bibsource  = {dblp computer science bibliography, https://dblp.org}
}

@article{colmap,
  title    = {ColMap: A memory-efficient occupancy grid mapping framework},
  journal  = {Robotics and Autonomous Systems},
  volume   = {142},
  pages    = {103755},
  year     = {2021},
  issn     = {0921-8890},
  doi      = {https://doi.org/10.1016/j.robot.2021.103755},
  url      = {https://www.sciencedirect.com/science/article/pii/S0921889021000403},
  author   = {Alex Fisher and Ricardo Cannizzaro and Madeleine Cochrane and Chatura Nagahawatte and Jennifer L. Palmer},
  keywords = {Mapping, Occupancy grid, Bayesian estimation, Robotics}
}

@inproceedings{menet,
  title={Relative Pose Estimation of Visual SLAM Based on Convolutional Neural Networks},
  author={Ruan, Xiaogang and Wang, Fei and Huang, Jing},
  booktitle={2019 Chinese Control Conference (CCC)},
  pages={8827--8832},
  year={2019},
  organization={IEEE}
}
